<record><leader>00000cas a22000007a 4500</leader><controlfield tag="001">23092024</controlfield><controlfield tag="008">910212d19201922couwr ne      0    0eng d</controlfield><datafield ind1=" " ind2=" " tag="010"><subfield code="a">sn 91052017 </subfield></datafield><datafield ind1=" " ind2=" " tag="040"><subfield code="a">CNQ</subfield><subfield code="b">eng</subfield><subfield code="c">CNQ</subfield><subfield code="d">OCLCQ</subfield></datafield><datafield ind1=" " ind2=" " tag="042"><subfield code="a">msc</subfield></datafield><datafield ind1="0" ind2=" " tag="130"><subfield code="a">General news (Delhi, Colo.)</subfield></datafield><datafield ind1="1" ind2="0" tag="245"><subfield code="a">General news.</subfield></datafield><datafield ind1=" " ind2=" " tag="260"><subfield code="a">Delhi, Colo. :</subfield><subfield code="b">Louise C. Raymond</subfield></datafield><datafield ind1=" " ind2=" " tag="300"><subfield code="a">v.</subfield></datafield><datafield ind1=" " ind2=" " tag="310"><subfield code="a">Weekly</subfield></datafield><datafield ind1="1" ind2=" " tag="362"><subfield code="a">Began in 1920? Ceased in 1922?</subfield></datafield><datafield ind1=" " ind2=" " tag="588"><subfield code="a">Description based on: Vol. 1, no. 33 (Dec. 10, 1920).</subfield></datafield><datafield ind1=" " ind2=" " tag="752"><subfield code="a">United States</subfield><subfield code="b">Colorado</subfield><subfield code="c">Las Animas</subfield><subfield code="d">Delhi.</subfield></datafield><datafield ind1="0" ind2="7" tag="785"><subfield code="t">Timpas times</subfield></datafield><datafield ind1="0" ind2="7" tag="785"><subfield code="t">General news and Timpas times</subfield><subfield code="w">(DLC)sn 91052018</subfield></datafield></record>